<record><leader>00000cas a22000007a 4500</leader><controlfield tag="001">12708592</controlfield><controlfield tag="008">851023d18601861iaudn ne      0    0eng d</controlfield><datafield ind1=" " ind2=" " tag="010"><subfield code="a">sn 85049809 </subfield></datafield><datafield ind1=" " ind2=" " tag="040"><subfield code="a">INP</subfield><subfield code="b">eng</subfield><subfield code="c">INP</subfield><subfield code="d">MGN</subfield><subfield code="d">OCLCQ</subfield></datafield><datafield ind1=" " ind2=" " tag="042"><subfield code="a">msc</subfield></datafield><datafield ind1="0" ind2="0" tag="245"><subfield code="a">Daily Iowa state journal.</subfield></datafield><datafield ind1=" " ind2=" " tag="260"><subfield code="a">Des Moines [Iowa :</subfield><subfield code="b">Wm. Porter],</subfield><subfield code="c">1860-</subfield></datafield><datafield ind1=" " ind2=" " tag="300"><subfield code="a">v. :</subfield><subfield code="b">ill. (chiefly advertisements) ;</subfield><subfield code="c">50 cm.</subfield></datafield><datafield ind1=" " ind2=" " tag="310"><subfield code="a">Daily (except Sun.)</subfield></datafield><datafield ind1="0" ind2=" " tag="362"><subfield code="a">Vol. 1, no. 1 (Jan. 9, 1860)-</subfield></datafield><datafield ind1="1" ind2=" " tag="362"><subfield code="a">Ceased in 1861? Cf. Bibl. of Iowa newspapers.</subfield></datafield><datafield ind1=" " ind2=" " tag="500"><subfield code="a">Editors: Wm. Porter, Jan. 9-18, 1860; Stilson Hutchins, Jan. 19-&lt;Apr. 3, 1860&gt;.</subfield></datafield><datafield ind1=" " ind2=" " tag="515"><subfield code="a">Vol. 1, no. 9 (Jan. 18, 1860) misdated Jan. 19, 1860.</subfield></datafield><datafield ind1=" " ind2=" " tag="752"><subfield code="a">United States</subfield><subfield code="b">Iowa</subfield><subfield code="c">Polk</subfield><subfield code="d">Des Moines.</subfield></datafield><datafield ind1="0" ind2=" " tag="775"><subfield code="t">Iowa state journal (Des Moines, Iowa : 1857)</subfield><subfield code="w">(DLC)sn 85049886</subfield><subfield code="g">Jan. 9-May 19, 1860</subfield></datafield><datafield ind1="0" ind2=" " tag="775"><subfield code="t">State journal (Des Moines, Iowa : 1860)</subfield><subfield code="w">(DLC)sn 87057127</subfield><subfield code="g">&lt;May 26, 1860&gt;</subfield></datafield></record>